@article{Bass2012,
	author = {Len Bass and Paul Clements and Rick Kazman},
	title = {Software Architecture in Practice},
	year = {2012}
}

@article{Blank2010,
	author = {Steve Blank},
	title = {What's A Startup? First Principles},
	year = {2010}
}

@article{Bratukhin2011,
	author = {A. Bratukhin and T. Sauter},
	title = {Functional analysis of manufacturing execution system distribution},
	journal = {IEEE Transactions on Industrial Informatics},
	year = {2011}
}

@article{Brewer2000,
	author = {Eric A. Brewer},
	title = {Towards robust distributed systems},
	year = {2000}
}

@book{Brown2021,
	author = {Simon Brown},
	title = {The Missing Advice},
	year = {2021}
}

@article{Caridi2014,
	author = {Maria Caridi and Luca Crippa and Alessandro Perego and Andrea Sianesi and Andrea Tumino},
	title = {Measuring visibility to improve supply chain performance: a quantitative approach},
	journal = {Benchmarking: An International Journal},
	year = {2014}
}
